<?xml version="1.0" encoding="UTF-8"?><collection xmlns="http://www.loc.gov/MARC21/slim"><record><leader>00422nam--2200157-i-4500</leader><controlfield tag="001">000001880</controlfield><controlfield tag="002">20161230</controlfield><controlfield tag="005">20170211162635</controlfield><controlfield tag="008">060222s1000------------r-----000-0-eng-d</controlfield><datafield ind1=" " ind2=" " tag="100"><subfield code="a">Glashow, S. L</subfield></datafield><datafield ind1=" " ind2=" " tag="245"><subfield code="a">Transformation properties of nonleptonic weak interactions II</subfield></datafield><datafield ind1=" " ind2=" " tag="260"><subfield code="a">Washigton</subfield><subfield code="b">U.S. Atomic Energy Commis</subfield><subfield code="c">1964</subfield></datafield><datafield ind1=" " ind2=" " tag="300"><subfield code="a">7 p</subfield></datafield><datafield ind1=" " ind2=" " tag="700"><subfield code="a">Lee, B. W</subfield></datafield><datafield ind1=" " ind2=" " tag="852"><subfield code="a">19821</subfield></datafield><datafield ind1=" " ind2=" " tag="CAT"><subfield code="a">SYS</subfield><subfield code="c">20170211</subfield><subfield code="h">162635</subfield></datafield></record></collection>